[gd_scene load_steps=9 format=2]

[ext_resource path="res://Components/Messaging/Messaging.tscn" type="PackedScene" id=1]
[ext_resource path="res://Scenes/RAMAYANA/RAMAYANA.gd" type="Script" id=2]
[ext_resource path="res://Scenes/ComputerHardware/hardware_transparent_bg.png" type="Texture" id=3]
[ext_resource path="res://addons/their_temple_color_point_tiler/Ring/Ring.gd" type="Script" id=4]
[ext_resource path="res://Scenes/RedGraphBook/RedGraphBook.tscn" type="PackedScene" id=6]
[ext_resource path="res://Scenes/RedGraphBook/red_graph_book_icon.png" type="Texture" id=8]

[sub_resource type="AtlasTexture" id=1]
atlas = ExtResource( 3 )
region = Rect2( 189, 134, 66, 52 )

[sub_resource type="AtlasTexture" id=2]
atlas = ExtResource( 3 )
region = Rect2( 197.148, 132.674, 58, 51 )

[node name="RAMAYANA" type="CanvasLayer"]
script = ExtResource( 2 )

[node name="RedGraphBookButton" type="Button" parent="."]
margin_left = 861.283
margin_top = 3.15633
margin_right = 1021.28
margin_bottom = 60.1563
text = "> Seven?7Notes!7"
icon = ExtResource( 8 )
__meta__ = {
"_edit_use_anchors_": false
}

[node name="Ring" type="Node2D" parent="RedGraphBookButton"]
position = Vector2( 23.083, 34.4747 )
script = ExtResource( 4 )
radius_start = 7.0
radius_delta = 1.0
black_and_white = false

[node name="MessagingContainer" type="Node2D" parent="."]
visible = false

[node name="NinePatchRect" type="NinePatchRect" parent="MessagingContainer"]
margin_left = -5.1366
margin_top = 3.83342
margin_right = 351.863
margin_bottom = 273.833
texture = SubResource( 1 )
patch_margin_left = 30
patch_margin_top = 30
patch_margin_right = 30
patch_margin_bottom = 30
__meta__ = {
"_edit_group_": true,
"_edit_use_anchors_": false
}

[node name="Messaging" parent="MessagingContainer/NinePatchRect" instance=ExtResource( 1 )]
margin_left = 30.0
margin_top = 19.0
margin_right = -29.0
margin_bottom = -22.0

[node name="BigRing" type="Node2D" parent="MessagingContainer/NinePatchRect"]
position = Vector2( 281.574, 101.04 )
script = ExtResource( 4 )
radius_start = 49.0
radius_delta = 7.0
black_and_white = false

[node name="ComputerKeyboard" type="Sprite" parent="MessagingContainer"]
position = Vector2( 42.8396, 258.7 )
texture = ExtResource( 3 )
flip_h = true
vframes = 5
hframes = 8
frame = 18

[node name="MessagingToSmall" type="Button" parent="MessagingContainer"]
margin_left = 284.651
margin_top = 5.39899
margin_right = 356.651
margin_bottom = 49.399
text = "<"
icon = SubResource( 2 )
expand_icon = true
__meta__ = {
"_edit_use_anchors_": false
}

[node name="Ring" type="Node2D" parent="MessagingContainer/MessagingToSmall"]
visible = false
position = Vector2( 24.6104, 22.7655 )
script = ExtResource( 4 )
radius_start = 7.0
radius_delta = 1.0
black_and_white = false

[node name="RedGraphBookContainer" type="Node2D" parent="."]
visible = false

[node name="NinePatchRect" type="NinePatchRect" parent="RedGraphBookContainer"]
anchor_right = 1.0
anchor_bottom = 1.0
margin_left = 311.0
margin_right = 1005.0
margin_bottom = 434.0
texture = SubResource( 1 )
patch_margin_left = 30
patch_margin_top = 30
patch_margin_right = 30
patch_margin_bottom = 30
__meta__ = {
"_edit_use_anchors_": false
}

[node name="7\?RedGraphBook" parent="RedGraphBookContainer/NinePatchRect" instance=ExtResource( 6 )]
position = Vector2( 348.601, 218.704 )
scale = Vector2( 1.9022, 1.52644 )
frame = 2

[node name="BigRing" type="Node2D" parent="RedGraphBookContainer/NinePatchRect"]
position = Vector2( 618.593, 360.168 )
script = ExtResource( 4 )
radius_start = 49.0
radius_delta = 7.0
black_and_white = false

[node name="ComputerFloppyDisk" type="Sprite" parent="RedGraphBookContainer/NinePatchRect"]
position = Vector2( 621.678, 360.519 )
texture = ExtResource( 3 )
flip_h = true
vframes = 5
hframes = 8
frame = 34

[node name="RedGraphBookToSmall" type="Button" parent="RedGraphBookContainer"]
margin_left = 963.328
margin_top = 0.981812
margin_right = 1017.33
margin_bottom = 45.9818
text = "<"
icon = ExtResource( 8 )
__meta__ = {
"_edit_use_anchors_": false
}

[node name="Ring" type="Node2D" parent="RedGraphBookContainer/RedGraphBookToSmall"]
visible = false
position = Vector2( 24.6104, 22.7655 )
script = ExtResource( 4 )
radius_start = 7.0
radius_delta = 1.0
black_and_white = false

[node name="HBoxContainer" type="HBoxContainer" parent="."]
margin_right = 40.0
margin_bottom = 40.0
__meta__ = {
"_edit_use_anchors_": false
}

[node name="MessagingButton" type="Button" parent="HBoxContainer"]
margin_right = 132.0
margin_bottom = 57.0
size_flags_horizontal = 9
size_flags_vertical = 9
text = "> Hello?7"
icon = SubResource( 2 )
align = 0
__meta__ = {
"_edit_use_anchors_": false
}

[node name="Ring" type="Node2D" parent="HBoxContainer/MessagingButton"]
position = Vector2( 30.7194, 29.3838 )
script = ExtResource( 4 )
radius_start = 7.0
radius_delta = 1.0
black_and_white = false

[node name="ComputerKeyboard" type="Sprite" parent="HBoxContainer/MessagingButton"]
position = Vector2( 53.7221, 65.865 )
texture = ExtResource( 3 )
flip_h = true
vframes = 5
hframes = 8
frame = 18
[connection signal="pressed" from="RedGraphBookButton" to="." method="_on_RedGraphBookButton_pressed"]
[connection signal="said" from="MessagingContainer/NinePatchRect/Messaging" to="." method="_on_Messaging_said"]
[connection signal="pressed" from="MessagingContainer/MessagingToSmall" to="." method="_on_MessagingToSmall_pressed"]
[connection signal="pressed" from="RedGraphBookContainer/RedGraphBookToSmall" to="." method="_on_RedGraphBookToSmall_pressed"]
[connection signal="pressed" from="HBoxContainer/MessagingButton" to="." method="_on_MessagingButton_pressed"]
