[gd_scene load_steps=7 format=2]

[ext_resource path="res://Scenes/Main/Main.gd" type="Script" id=1]
[ext_resource path="res://addons/jm_game_template/jm_game_manager.gd" type="Script" id=2]
[ext_resource path="res://Levels/Level00/Level00.tscn" type="PackedScene" id=3]
[ext_resource path="res://Scenes/SONNIK/Sonnik 7-12.tscn" type="PackedScene" id=4]
[ext_resource path="res://addons/jm_game_template/jm_state_machine.gd" type="Script" id=5]
[ext_resource path="res://Scenes/Main/Level??/Level??.tscn" type="PackedScene" id=7]

[node name="Main" type="Node2D"]
script = ExtResource( 1 )

[node name="GameManager" type="Node" parent="."]
script = ExtResource( 2 )
initial_scene = ExtResource( 3 )
initial_scene_id = "Level00"
num_split_screen_viewports = 4

[node name="Sonnik 7-12" parent="." instance=ExtResource( 4 )]

[node name="GameStates" type="Node" parent="."]
script = ExtResource( 5 )

[node name="Level00" parent="GameStates" instance=ExtResource( 7 )]
SCENE_FILE_NAME = "res://Levels/Level00/Level00.tscn"
NEXT_SCENE = "Level01"

[node name="Level01" parent="GameStates" instance=ExtResource( 7 )]
SCENE_FILE_NAME = "res://Levels/Level01/Level01.tscn"
NEXT_SCENE = "Level02"

[node name="Level02" parent="GameStates" instance=ExtResource( 7 )]
SCENE_FILE_NAME = "res://Levels/Level02/Level02.tscn"
NEXT_SCENE = "Level03"

[node name="Level03" parent="GameStates" instance=ExtResource( 7 )]
SCENE_FILE_NAME = "res://Test/DemoTest/DemoTest.tscn"
NEXT_SCENE = "Level04"

[node name="Level04" parent="GameStates" instance=ExtResource( 7 )]
SCENE_FILE_NAME = "res://Levels/Level04/Level04.tscn"

[node name="Level05" parent="GameStates" instance=ExtResource( 7 )]
SCENE_FILE_NAME = "res://Levels/Level05/Level05.tscn"
NEXT_SCENE = "Level06"

[node name="Level06" parent="GameStates" instance=ExtResource( 7 )]
SCENE_FILE_NAME = "res://Levels/Level06/Level06.tscn"
[connection signal="animation_finished" from="Sonnik 7-12" to="." method="_on_Sonnik_712_animation_finished"]
[connection signal="bass" from="Sonnik 7-12" to="." method="_on_Sonnik_712_bass"]
[connection signal="cello" from="Sonnik 7-12" to="." method="_on_Sonnik_712_cello"]
[connection signal="violin" from="Sonnik 7-12" to="." method="_on_Sonnik_712_violin"]
[connection signal="transitioned_to" from="GameStates" to="." method="_on_GameState_transitioned_to"]
